@book{book:edtf,
  title =     {Electronic Devices: Conventional Current Version},
  author =    {Thomas L. Floyd},
  publisher = {Pearson Education},
  isbn =      {9780134414447; 0134414446},
  year =      {2018},
  edition =   {10},
}
@book{book:harris,
   title =     {Digital Design and Computer Architecture, ARM Edition},
   author =    {Sarah L. Harris and David Money Harris},
   publisher = {Morgan Kaufmann Publishers},
   isbn =      {9780128000564},
   year =      {2016},
   }